<record><leader>00000cas a2200000 a 4500</leader><controlfield tag="001">12077026</controlfield><controlfield tag="008">850524d18671884miuwr ne      0    0eng c</controlfield><datafield ind1=" " ind2=" " tag="010"><subfield code="a">sn 85033582 </subfield></datafield><datafield ind1=" " ind2=" " tag="040"><subfield code="a">NPU</subfield><subfield code="b">eng</subfield><subfield code="c">NPU</subfield><subfield code="d">NPX</subfield><subfield code="d">NPI</subfield><subfield code="d">NVF</subfield><subfield code="d">MHN</subfield><subfield code="d">OCL</subfield><subfield code="d">OCLCQ</subfield><subfield code="d">OCLCF</subfield><subfield code="d">OCLCO</subfield></datafield><datafield ind1=" " ind2=" " tag="042"><subfield code="a">pcc</subfield></datafield><datafield ind1=" " ind2=" " tag="043"><subfield code="a">n-us-mi</subfield></datafield><datafield ind1="0" ind2=" " tag="130"><subfield code="a">Berrien County record (Buchanan, Mich. : 1867)</subfield></datafield><datafield ind1="1" ind2="4" tag="245"><subfield code="a">The Berrien County record.</subfield></datafield><datafield ind1=" " ind2=" " tag="260"><subfield code="a">Buchanan, Mich. :</subfield><subfield code="b">D.A. Wagner</subfield></datafield><datafield ind1=" " ind2=" " tag="300"><subfield code="a">v. ;</subfield><subfield code="c">71 cm.</subfield></datafield><datafield ind1=" " ind2=" " tag="310"><subfield code="a">Weekly</subfield></datafield><datafield ind1="1" ind2=" " tag="362"><subfield code="a">Began in 1867.</subfield><subfield code="z">Cf. Gregory, W. Amer. newspapers.</subfield></datafield><datafield ind1="1" ind2=" " tag="362"><subfield code="a">Ceased with Feb. 1, 1884 issue.</subfield><subfield code="z">Cf. NIM.</subfield></datafield><datafield ind1=" " ind2=" " tag="500"><subfield code="a">Publishers: D.A. Wagner, &lt;1868-1870&gt;; Wagner &amp; Kingery, &lt;1871&gt;-1874; Kingery &amp; Marble, 1874; Kingery &amp; Lindley, &lt;1874&gt;; John C. Holmes, &lt;1876&gt;.</subfield></datafield><datafield ind1=" " ind2=" " tag="500"><subfield code="a">"Republican."</subfield></datafield><datafield ind1=" " ind2=" " tag="500"><subfield code="a">Editors: D.A. Wagner, &lt;1868-1870&gt;; D.A. Wagner, W.D. Kingery, &lt;1873&gt;.</subfield></datafield><datafield ind1=" " ind2=" " tag="588"><subfield code="a">Description based on: Vol. 1, no. 52 (Feb. 20, 1868).</subfield></datafield><datafield ind1=" " ind2="0" tag="651"><subfield code="a">Buchanan (Mich.)</subfield><subfield code="v">Newspapers.</subfield></datafield><datafield ind1=" " ind2="0" tag="651"><subfield code="a">Berrien County (Mich.)</subfield><subfield code="v">Newspapers.</subfield></datafield><datafield ind1=" " ind2="7" tag="655"><subfield code="a">Newspapers.</subfield><subfield code="2">fast</subfield><subfield code="0">(OCoLC)fst01423814</subfield></datafield><datafield ind1=" " ind2="7" tag="651"><subfield code="a">Michigan</subfield><subfield code="z">Berrien County.</subfield><subfield code="2">fast</subfield><subfield code="0">(OCoLC)fst01203031</subfield></datafield><datafield ind1=" " ind2="7" tag="651"><subfield code="a">Michigan</subfield><subfield code="z">Buchanan.</subfield><subfield code="2">fast</subfield><subfield code="0">(OCoLC)fst01219725</subfield></datafield><datafield ind1=" " ind2=" " tag="752"><subfield code="a">United States</subfield><subfield code="b">Michigan</subfield><subfield code="c">Berrien</subfield><subfield code="d">Buchanan.</subfield></datafield><datafield ind1="0" ind2="0" tag="780"><subfield code="t">Weekly union (Buchanan, Mich.)</subfield><subfield code="w">(DLC)sn 85026431</subfield><subfield code="w">(OCoLC)12221009</subfield></datafield><datafield ind1="0" ind2="0" tag="785"><subfield code="t">Buchanan record</subfield><subfield code="w">(DLC)sn 96076695</subfield><subfield code="w">(OCoLC)34910132</subfield></datafield></record>